<?xml version="1.0" encoding="UTF-8"?><collection xmlns="http://www.loc.gov/MARC21/slim"><record><leader>00446nam--2200133-i-4500</leader><controlfield tag="001">000024107</controlfield><controlfield tag="002">20161230</controlfield><controlfield tag="005">20161230201035</controlfield><controlfield tag="008">060222s1000------------r-----000-0-eng-d</controlfield><datafield ind1=" " ind2=" " tag="080"><subfield code="a">581.13(043)</subfield></datafield><datafield ind1=" " ind2=" " tag="100"><subfield code="a">Grouzis, Jean-pierre</subfield></datafield><datafield ind1=" " ind2=" " tag="245"><subfield code="a">Relations entre le calcium des chloroplates de feverole et de lupin, et le caractere calcicole et calcifuge. these</subfield></datafield><datafield ind1=" " ind2=" " tag="260"><subfield code="a">Languedoc, Universite Des Sciences Et Technique 1979. 127p.+pl</subfield></datafield><datafield ind1=" " ind2=" " tag="852"><subfield code="a">49683</subfield></datafield></record></collection>